@book{russell2003artificial,
  title = {Artificial Intelligence: A Modern Approach},
  author = {Russell, Stuart J. and Norvig, Peter},
  isbn = {0136042597},
  url = {http://aima.cs.berkeley.edu/},
  year = {2003},
  publisher = {Pearson Education}
} 

@book{richert2013building,
  title = {Building Machine Learning Systems with Python},
  author = {Richert, Willi and Coelho, Luis Pedro},
  isbn = {9781782161417},
  url = {http://www.packtpub.com/building-machine-learning-systems-with-python/book},
  year = {2013},
  publisher = {Packt Publishing}
}

@book{abu2012learning,
  title = {Learning From Data: A Short Course},
  author = {Abu-Mostafa, Yaser S. and Magdon-Ismail, Malik and Lin, Hsuan-Tien},
  isbn = {9781600490064},
  url = {http://amlbook.com/},
  year = {2012},
  publisher = {AMLBook}
}

@book{kantardzic2005next,
  title = {Next Feneration of Data-Mining Applications},
  author = {Kantardzic, Mehmed M. and Zurada, Jozef},
  isbn = {9780471656050},
  url = {http://www.wiley.com/WileyCDA/WileyTitle/productCd-0471656054.html},
  year = {2005},
  publisher={Wiley-Interscience}
}

@book{tuffery2011data,
  title = {Data Mining and Statistics for Decision Making},
  author = {Tufféry, Stéfphane},
  isbn = {9780470979280},
  url = {http://eu.wiley.com/WileyCDA/WileyTitle/productCd-0470688297.html},
  year = {2011},
  publisher = {Wiley}
}

@book{manzi2013from,
  title = {From Creativity to Artificial Neural Networks: Problem-Solving Methodologies in Hospitals},
  author = {Manzi, Pietro and Barbini, Paolo},
  isbn = {9789535111214},
  url = {http://www.intechopen.com/books/current-topics-in-public-health/from-creativity-to-artificial-neural-networks-problem-solving-methodologies-in-hospitals},
  year = {2013},
  publisher = {InTech}
}

@book{camacho2014machine,
  title = {Machine Learning: Un enfoque práctico},
  author = {Camacho Sosa, José Manuel},
  director = {Sancho Caparrini, Fernando},
  url = {https://github.com/josemazo/bsc-cs-thesis},
  year = {2014}
}

@article{quinlan1986induction,
  title = {Induction of decision trees},
  author = {Quinlan, J. Ross},
  journal = {Machine learning},
  volume = {1},
  number = {1},
  pages = {81--106},
  year = {1986},
  publisher = {Springer}
}

@article{wu2004probability,
  title = {Probability Estimates for Multi-class Classification by
Pairwise Coupling},
  author = {Wu, Ting-Fan and Lin, Chih-Jen and Weng, Ruby C.},
  journal = {Journal of Machine Learning Research},
  volume = {5},
  pages = {975--1005},
  year = {2004}
}

@misc{isherwood2012life,
  title = {Life of a ‘Salesman’},
  author = {Isherwood, Charles},
  howpublished = {\url{http://nyti.ms/xcOxXp}},
  year = {2012},
  publisher = {The New York Times}
}

@misc{vidal2009decision,
  title = {Decision Tree Learning},
  author = {Vidal, José M.},
  howpublished = {\url{http://jmvidal.cse.sc.edu/talks/decisiontrees/}},
  year = {2009},
  publisher = {College of Engineering and Computing at the University of South Carolina}
}

@misc{kendall2001introduction,
  title = {Introduction to Artificial Intelligence},
  author = {Kendall, Graham},
  howpublished = {\url{http://www.cs.nott.ac.uk/~gxk/courses/g5aiai/}},
  year = {2001},
  publisher = {School of Computer Science & IT at The University of Nottingham}
}

@misc{wikipedia2014support,
  title = {Support vector machine},
  author = {Community of Wikipedia},
  howpublished = {\url{http://en.wikipedia.org/wiki/Support_vector_machine}},
  year = {2014},
  publisher = {The Wikimedia Foundation}
}

@misc{harmati2014elvarazsolt,
  title = {Az elvarázsolt véletlen erdő},
  author = {Harmati, Attila},
  howpublished = {\url{http://blogs.sas.com/content/analitika/2012/04/05/az-elvarazsolt-veletlen-erdo/}},
  year = {2012},
  publisher = {Analitika anyanyelven - SAS Blogs}
}

@misc{ekroth2012intro,
  title = {Intro to AI},
  author = {Eckroth, Joshua},
  howpublished = {\url{http://cse3521.artifice.cc/}},
  year = {2012},
  publisher = {College of Engineering at The Ohio State University}
}
